%YAML 1.1
%TAG !u! tag:unity3d.com,2011:
--- !u!29 &1
OcclusionCullingSettings:
  m_ObjectHideFlags: 0
  serializedVersion: 2
  m_OcclusionBakeSettings:
    smallestOccluder: 5
    smallestHole: 0.25
    backfaceThreshold: 100
  m_SceneGUID: 00000000000000000000000000000000
  m_OcclusionCullingData: {fileID: 0}
--- !u!104 &2
RenderSettings:
  m_ObjectHideFlags: 0
  serializedVersion: 9
  m_Fog: 0
  m_FogColor: {r: 0.5, g: 0.5, b: 0.5, a: 1}
  m_FogMode: 3
  m_FogDensity: 0.01
  m_LinearFogStart: 0
  m_LinearFogEnd: 300
  m_AmbientSkyColor: {r: 0.212, g: 0.227, b: 0.259, a: 1}
  m_AmbientEquatorColor: {r: 0.114, g: 0.125, b: 0.133, a: 1}
  m_AmbientGroundColor: {r: 0.047, g: 0.043, b: 0.035, a: 1}
  m_AmbientIntensity: 1
  m_AmbientMode: 0
  m_SubtractiveShadowColor: {r: 0.42, g: 0.478, b: 0.627, a: 1}
  m_SkyboxMaterial: {fileID: 10304, guid: 0000000000000000f000000000000000, type: 0}
  m_HaloStrength: 0.5
  m_FlareStrength: 1
  m_FlareFadeSpeed: 3
  m_HaloTexture: {fileID: 0}
  m_SpotCookie: {fileID: 10001, guid: 0000000000000000e000000000000000, type: 0}
  m_DefaultReflectionMode: 0
  m_DefaultReflectionResolution: 128
  m_ReflectionBounces: 1
  m_ReflectionIntensity: 1
  m_CustomReflection: {fileID: 0}
  m_Sun: {fileID: 0}
  m_IndirectSpecularColor: {r: 0.44659364, g: 0.4964301, b: 0.5748256, a: 1}
  m_UseRadianceAmbientProbe: 0
--- !u!157 &3
LightmapSettings:
  m_ObjectHideFlags: 0
  serializedVersion: 11
  m_GIWorkflowMode: 0
  m_GISettings:
    serializedVersion: 2
    m_BounceScale: 1
    m_IndirectOutputScale: 1
    m_AlbedoBoost: 1
    m_TemporalCoherenceThreshold: 1
    m_EnvironmentLightingMode: 0
    m_EnableBakedLightmaps: 1
    m_EnableRealtimeLightmaps: 0
  m_LightmapEditorSettings:
    serializedVersion: 10
    m_Resolution: 2
    m_BakeResolution: 10
    m_AtlasSize: 512
    m_AO: 0
    m_AOMaxDistance: 1
    m_CompAOExponent: 1
    m_CompAOExponentDirect: 0
    m_Padding: 2
    m_LightmapParameters: {fileID: 0}
    m_LightmapsBakeMode: 1
    m_TextureCompression: 1
    m_FinalGather: 0
    m_FinalGatherFiltering: 1
    m_FinalGatherRayCount: 256
    m_ReflectionCompression: 2
    m_MixedBakeMode: 2
    m_BakeBackend: 1
    m_PVRSampling: 1
    m_PVRDirectSampleCount: 32
    m_PVRSampleCount: 256
    m_PVRBounces: 2
    m_PVRFilterTypeDirect: 0
    m_PVRFilterTypeIndirect: 0
    m_PVRFilterTypeAO: 0
    m_PVRFilteringMode: 1
    m_PVRCulling: 1
    m_PVRFilteringGaussRadiusDirect: 1
    m_PVRFilteringGaussRadiusIndirect: 5
    m_PVRFilteringGaussRadiusAO: 2
    m_PVRFilteringAtrousPositionSigmaDirect: 0.5
    m_PVRFilteringAtrousPositionSigmaIndirect: 2
    m_PVRFilteringAtrousPositionSigmaAO: 1
    m_ShowResolutionOverlay: 1
  m_LightingDataAsset: {fileID: 0}
  m_UseShadowmask: 1
--- !u!196 &4
NavMeshSettings:
  serializedVersion: 2
  m_ObjectHideFlags: 0
  m_BuildSettings:
    serializedVersion: 2
    agentTypeID: 0
    agentRadius: 0.5
    agentHeight: 2
    agentSlope: 45
    agentClimb: 0.4
    ledgeDropHeight: 0
    maxJumpAcrossDistance: 0
    minRegionArea: 2
    manualCellSize: 0
    cellSize: 0.16666667
    manualTileSize: 0
    tileSize: 256
    accuratePlacement: 0
    debug:
      m_Flags: 0
  m_NavMeshData: {fileID: 0}
--- !u!1 &170076733
GameObject:
  m_ObjectHideFlags: 0
  m_CorrespondingSourceObject: {fileID: 0}
  m_PrefabInternal: {fileID: 0}
  serializedVersion: 6
  m_Component:
  - component: {fileID: 170076735}
  - component: {fileID: 170076734}
  m_Layer: 0
  m_Name: Directional Light
  m_TagString: Untagged
  m_Icon: {fileID: 0}
  m_NavMeshLayer: 0
  m_StaticEditorFlags: 0
  m_IsActive: 1
--- !u!108 &170076734
Light:
  m_ObjectHideFlags: 0
  m_CorrespondingSourceObject: {fileID: 0}
  m_PrefabInternal: {fileID: 0}
  m_GameObject: {fileID: 170076733}
  m_Enabled: 1
  serializedVersion: 8
  m_Type: 1
  m_Color: {r: 1, g: 0.95686275, b: 0.8392157, a: 1}
  m_Intensity: 1
  m_Range: 10
  m_SpotAngle: 30
  m_CookieSize: 10
  m_Shadows:
    m_Type: 2
    m_Resolution: -1
    m_CustomResolution: -1
    m_Strength: 1
    m_Bias: 0.05
    m_NormalBias: 0.4
    m_NearPlane: 0.2
  m_Cookie: {fileID: 0}
  m_DrawHalo: 0
  m_Flare: {fileID: 0}
  m_RenderMode: 0
  m_CullingMask:
    serializedVersion: 2
    m_Bits: 4294967295
  m_Lightmapping: 1
  m_LightShadowCasterMode: 0
  m_AreaSize: {x: 1, y: 1}
  m_BounceIntensity: 1
  m_ColorTemperature: 6570
  m_UseColorTemperature: 0
  m_ShadowRadius: 0
  m_ShadowAngle: 0
--- !u!4 &170076735
Transform:
  m_ObjectHideFlags: 0
  m_CorrespondingSourceObject: {fileID: 0}
  m_PrefabInternal: {fileID: 0}
  m_GameObject: {fileID: 170076733}
  m_LocalRotation: {x: 0.40821788, y: -0.23456968, z: 0.10938163, w: 0.8754261}
  m_LocalPosition: {x: 0, y: 3, z: 0}
  m_LocalScale: {x: 1, y: 1, z: 1}
  m_Children: []
  m_Father: {fileID: 0}
  m_RootOrder: 1
  m_LocalEulerAnglesHint: {x: 50, y: -30, z: 0}
--- !u!1001 &419982051
Prefab:
  m_ObjectHideFlags: 0
  serializedVersion: 2
  m_Modification:
    m_TransformParent: {fileID: 0}
    m_Modifications:
    - target: {fileID: 224562735727732686, guid: bbf51c99eb2464edb88c8f74e0e9da99,
        type: 2}
      propertyPath: m_LocalPosition.x
      value: 0
      objectReference: {fileID: 0}
    - target: {fileID: 224562735727732686, guid: bbf51c99eb2464edb88c8f74e0e9da99,
        type: 2}
      propertyPath: m_LocalPosition.y
      value: 0
      objectReference: {fileID: 0}
    - target: {fileID: 224562735727732686, guid: bbf51c99eb2464edb88c8f74e0e9da99,
        type: 2}
      propertyPath: m_LocalPosition.z
      value: 0
      objectReference: {fileID: 0}
    - target: {fileID: 224562735727732686, guid: bbf51c99eb2464edb88c8f74e0e9da99,
        type: 2}
      propertyPath: m_LocalRotation.x
      value: 0
      objectReference: {fileID: 0}
    - target: {fileID: 224562735727732686, guid: bbf51c99eb2464edb88c8f74e0e9da99,
        type: 2}
      propertyPath: m_LocalRotation.y
      value: 0
      objectReference: {fileID: 0}
    - target: {fileID: 224562735727732686, guid: bbf51c99eb2464edb88c8f74e0e9da99,
        type: 2}
      propertyPath: m_LocalRotation.z
      value: 0
      objectReference: {fileID: 0}
    - target: {fileID: 224562735727732686, guid: bbf51c99eb2464edb88c8f74e0e9da99,
        type: 2}
      propertyPath: m_LocalRotation.w
      value: 1
      objectReference: {fileID: 0}
    - target: {fileID: 224562735727732686, guid: bbf51c99eb2464edb88c8f74e0e9da99,
        type: 2}
      propertyPath: m_RootOrder
      value: 3
      objectReference: {fileID: 0}
    - target: {fileID: 224562735727732686, guid: bbf51c99eb2464edb88c8f74e0e9da99,
        type: 2}
      propertyPath: m_AnchoredPosition.x
      value: 0
      objectReference: {fileID: 0}
    - target: {fileID: 224562735727732686, guid: bbf51c99eb2464edb88c8f74e0e9da99,
        type: 2}
      propertyPath: m_AnchoredPosition.y
      value: 0
      objectReference: {fileID: 0}
    - target: {fileID: 224562735727732686, guid: bbf51c99eb2464edb88c8f74e0e9da99,
        type: 2}
      propertyPath: m_SizeDelta.x
      value: 0
      objectReference: {fileID: 0}
    - target: {fileID: 224562735727732686, guid: bbf51c99eb2464edb88c8f74e0e9da99,
        type: 2}
      propertyPath: m_SizeDelta.y
      value: 0
      objectReference: {fileID: 0}
    - target: {fileID: 224562735727732686, guid: bbf51c99eb2464edb88c8f74e0e9da99,
        type: 2}
      propertyPath: m_AnchorMin.x
      value: 0
      objectReference: {fileID: 0}
    - target: {fileID: 224562735727732686, guid: bbf51c99eb2464edb88c8f74e0e9da99,
        type: 2}
      propertyPath: m_AnchorMin.y
      value: 0
      objectReference: {fileID: 0}
    - target: {fileID: 224562735727732686, guid: bbf51c99eb2464edb88c8f74e0e9da99,
        type: 2}
      propertyPath: m_AnchorMax.x
      value: 0
      objectReference: {fileID: 0}
    - target: {fileID: 224562735727732686, guid: bbf51c99eb2464edb88c8f74e0e9da99,
        type: 2}
      propertyPath: m_AnchorMax.y
      value: 0
      objectReference: {fileID: 0}
    - target: {fileID: 224562735727732686, guid: bbf51c99eb2464edb88c8f74e0e9da99,
        type: 2}
      propertyPath: m_Pivot.x
      value: 0
      objectReference: {fileID: 0}
    - target: {fileID: 224562735727732686, guid: bbf51c99eb2464edb88c8f74e0e9da99,
        type: 2}
      propertyPath: m_Pivot.y
      value: 0
      objectReference: {fileID: 0}
    - target: {fileID: 114616602975184382, guid: bbf51c99eb2464edb88c8f74e0e9da99,
        type: 2}
      propertyPath: m_OnClick.m_PersistentCalls.m_Calls.Array.data[0].m_Target
      value: 
      objectReference: {fileID: 1150797301}
    - target: {fileID: 224085153491039308, guid: bbf51c99eb2464edb88c8f74e0e9da99,
        type: 2}
      propertyPath: m_AnchorMax.x
      value: 0
      objectReference: {fileID: 0}
    - target: {fileID: 224085153491039308, guid: bbf51c99eb2464edb88c8f74e0e9da99,
        type: 2}
      propertyPath: m_AnchorMax.y
      value: 0
      objectReference: {fileID: 0}
    - target: {fileID: 224638499658708380, guid: bbf51c99eb2464edb88c8f74e0e9da99,
        type: 2}
      propertyPath: m_AnchorMax.x
      value: 0
      objectReference: {fileID: 0}
    - target: {fileID: 224638499658708380, guid: bbf51c99eb2464edb88c8f74e0e9da99,
        type: 2}
      propertyPath: m_AnchorMax.y
      value: 0
      objectReference: {fileID: 0}
    - target: {fileID: 114840306098830908, guid: bbf51c99eb2464edb88c8f74e0e9da99,
        type: 2}
      propertyPath: m_OnClick.m_PersistentCalls.m_Calls.Array.data[1].m_Target
      value: 
      objectReference: {fileID: 1150797295}
    - target: {fileID: 114840306098830908, guid: bbf51c99eb2464edb88c8f74e0e9da99,
        type: 2}
      propertyPath: m_OnClick.m_PersistentCalls.m_Calls.Array.data[1].m_MethodName
      value: Previous
      objectReference: {fileID: 0}
    - target: {fileID: 114840306098830908, guid: bbf51c99eb2464edb88c8f74e0e9da99,
        type: 2}
      propertyPath: m_OnClick.m_PersistentCalls.m_Calls.Array.data[0].m_Target
      value: 
      objectReference: {fileID: 1150797301}
    - target: {fileID: 114840306098830908, guid: bbf51c99eb2464edb88c8f74e0e9da99,
        type: 2}
      propertyPath: m_OnClick.m_PersistentCalls.m_Calls.Array.data[0].m_MethodName
      value: ExitSound
      objectReference: {fileID: 0}
    - target: {fileID: 114844081748852418, guid: bbf51c99eb2464edb88c8f74e0e9da99,
        type: 2}
      propertyPath: m_OnClick.m_PersistentCalls.m_Calls.Array.data[0].m_Target
      value: 
      objectReference: {fileID: 1150797301}
    - target: {fileID: 114844081748852418, guid: bbf51c99eb2464edb88c8f74e0e9da99,
        type: 2}
      propertyPath: m_OnClick.m_PersistentCalls.m_Calls.Array.data[0].m_MethodName
      value: AcceptSound
      objectReference: {fileID: 0}
    m_RemovedComponents: []
  m_SourcePrefab: {fileID: 100100000, guid: bbf51c99eb2464edb88c8f74e0e9da99, type: 2}
  m_IsPrefabAsset: 0
--- !u!114 &419982052 stripped
MonoBehaviour:
  m_CorrespondingSourceObject: {fileID: 114176463800904588, guid: bbf51c99eb2464edb88c8f74e0e9da99,
    type: 2}
  m_PrefabInternal: {fileID: 419982051}
  m_Script: {fileID: 11500000, guid: b94f99683b93f477c88ac469389f9f2a, type: 3}
--- !u!114 &419982053 stripped
MonoBehaviour:
  m_CorrespondingSourceObject: {fileID: 114871381698109248, guid: bbf51c99eb2464edb88c8f74e0e9da99,
    type: 2}
  m_PrefabInternal: {fileID: 419982051}
  m_Script: {fileID: 708705254, guid: f70555f144d8491a825f0804e09c671c, type: 3}
--- !u!114 &419982054 stripped
MonoBehaviour:
  m_CorrespondingSourceObject: {fileID: 114884668528314350, guid: bbf51c99eb2464edb88c8f74e0e9da99,
    type: 2}
  m_PrefabInternal: {fileID: 419982051}
  m_Script: {fileID: 11500000, guid: 600f0901d307b43ec8a95538450f6a4a, type: 3}
--- !u!114 &419982055 stripped
MonoBehaviour:
  m_CorrespondingSourceObject: {fileID: 114408094597276076, guid: bbf51c99eb2464edb88c8f74e0e9da99,
    type: 2}
  m_PrefabInternal: {fileID: 419982051}
  m_Script: {fileID: 11500000, guid: 69b96ec27a7a64d0cba39482297dccff, type: 3}
--- !u!114 &419982056 stripped
MonoBehaviour:
  m_CorrespondingSourceObject: {fileID: 114641009225132732, guid: bbf51c99eb2464edb88c8f74e0e9da99,
    type: 2}
  m_PrefabInternal: {fileID: 419982051}
  m_Script: {fileID: 11500000, guid: 1a4f41010f76c4365893191d1e491fc5, type: 3}
--- !u!114 &419982057 stripped
MonoBehaviour:
  m_CorrespondingSourceObject: {fileID: 114592191559099362, guid: bbf51c99eb2464edb88c8f74e0e9da99,
    type: 2}
  m_PrefabInternal: {fileID: 419982051}
  m_Script: {fileID: 11500000, guid: d9186c729aff54a6d8f0c87406324bbc, type: 3}
--- !u!114 &419982058 stripped
MonoBehaviour:
  m_CorrespondingSourceObject: {fileID: 114723258209314852, guid: bbf51c99eb2464edb88c8f74e0e9da99,
    type: 2}
  m_PrefabInternal: {fileID: 419982051}
  m_Script: {fileID: 11500000, guid: 853c026da0f754d4e92c563aa2cff31f, type: 3}
--- !u!114 &419982059 stripped
MonoBehaviour:
  m_CorrespondingSourceObject: {fileID: 114902065863229132, guid: bbf51c99eb2464edb88c8f74e0e9da99,
    type: 2}
  m_PrefabInternal: {fileID: 419982051}
  m_Script: {fileID: 11500000, guid: 4661adf1032b440ce92fa9943dd41661, type: 3}
--- !u!1 &534669902
GameObject:
  m_ObjectHideFlags: 0
  m_CorrespondingSourceObject: {fileID: 0}
  m_PrefabInternal: {fileID: 0}
  serializedVersion: 6
  m_Component:
  - component: {fileID: 534669905}
  - component: {fileID: 534669904}
  - component: {fileID: 534669903}
  m_Layer: 0
  m_Name: Main Camera
  m_TagString: Untagged
  m_Icon: {fileID: 0}
  m_NavMeshLayer: 0
  m_StaticEditorFlags: 0
  m_IsActive: 1
--- !u!81 &534669903
AudioListener:
  m_ObjectHideFlags: 0
  m_CorrespondingSourceObject: {fileID: 0}
  m_PrefabInternal: {fileID: 0}
  m_GameObject: {fileID: 534669902}
  m_Enabled: 1
--- !u!20 &534669904
Camera:
  m_ObjectHideFlags: 0
  m_CorrespondingSourceObject: {fileID: 0}
  m_PrefabInternal: {fileID: 0}
  m_GameObject: {fileID: 534669902}
  m_Enabled: 1
  serializedVersion: 2
  m_ClearFlags: 1
  m_BackGroundColor: {r: 0.19215687, g: 0.3019608, b: 0.4745098, a: 0}
  m_projectionMatrixMode: 1
  m_SensorSize: {x: 36, y: 24}
  m_LensShift: {x: 0, y: 0}
  m_FocalLength: 50
  m_NormalizedViewPortRect:
    serializedVersion: 2
    x: 0
    y: 0
    width: 1
    height: 1
  near clip plane: 0.3
  far clip plane: 1000
  field of view: 60
  orthographic: 0
  orthographic size: 5
  m_Depth: -1
  m_CullingMask:
    serializedVersion: 2
    m_Bits: 4294967295
  m_RenderingPath: -1
  m_TargetTexture: {fileID: 0}
  m_TargetDisplay: 0
  m_TargetEye: 3
  m_HDR: 1
  m_AllowMSAA: 1
  m_AllowDynamicResolution: 0
  m_ForceIntoRT: 0
  m_OcclusionCulling: 1
  m_StereoConvergence: 10
  m_StereoSeparation: 0.022
--- !u!4 &534669905
Transform:
  m_ObjectHideFlags: 0
  m_CorrespondingSourceObject: {fileID: 0}
  m_PrefabInternal: {fileID: 0}
  m_GameObject: {fileID: 534669902}
  m_LocalRotation: {x: 0, y: 0, z: 0, w: 1}
  m_LocalPosition: {x: 0, y: 1, z: -10}
  m_LocalScale: {x: 1, y: 1, z: 1}
  m_Children: []
  m_Father: {fileID: 0}
  m_RootOrder: 0
  m_LocalEulerAnglesHint: {x: 0, y: 0, z: 0}
--- !u!1 &878574841
GameObject:
  m_ObjectHideFlags: 0
  m_CorrespondingSourceObject: {fileID: 0}
  m_PrefabInternal: {fileID: 0}
  serializedVersion: 6
  m_Component:
  - component: {fileID: 878574844}
  - component: {fileID: 878574843}
  - component: {fileID: 878574842}
  m_Layer: 0
  m_Name: EventSystem
  m_TagString: Untagged
  m_Icon: {fileID: 0}
  m_NavMeshLayer: 0
  m_StaticEditorFlags: 0
  m_IsActive: 1
--- !u!114 &878574842
MonoBehaviour:
  m_ObjectHideFlags: 0
  m_CorrespondingSourceObject: {fileID: 0}
  m_PrefabInternal: {fileID: 0}
  m_GameObject: {fileID: 878574841}
  m_Enabled: 1
  m_EditorHideFlags: 0
  m_Script: {fileID: 1077351063, guid: f70555f144d8491a825f0804e09c671c, type: 3}
  m_Name: 
  m_EditorClassIdentifier: 
  m_HorizontalAxis: Horizontal
  m_VerticalAxis: Vertical
  m_SubmitButton: Submit
  m_CancelButton: Cancel
  m_InputActionsPerSecond: 10
  m_RepeatDelay: 0.5
  m_ForceModuleActive: 0
--- !u!114 &878574843
MonoBehaviour:
  m_ObjectHideFlags: 0
  m_CorrespondingSourceObject: {fileID: 0}
  m_PrefabInternal: {fileID: 0}
  m_GameObject: {fileID: 878574841}
  m_Enabled: 1
  m_EditorHideFlags: 0
  m_Script: {fileID: -619905303, guid: f70555f144d8491a825f0804e09c671c, type: 3}
  m_Name: 
  m_EditorClassIdentifier: 
  m_FirstSelected: {fileID: 0}
  m_sendNavigationEvents: 1
  m_DragThreshold: 10
--- !u!4 &878574844
Transform:
  m_ObjectHideFlags: 0
  m_CorrespondingSourceObject: {fileID: 0}
  m_PrefabInternal: {fileID: 0}
  m_GameObject: {fileID: 878574841}
  m_LocalRotation: {x: 0, y: 0, z: 0, w: 1}
  m_LocalPosition: {x: 0, y: 0, z: 0}
  m_LocalScale: {x: 1, y: 1, z: 1}
  m_Children: []
  m_Father: {fileID: 0}
  m_RootOrder: 2
  m_LocalEulerAnglesHint: {x: 0, y: 0, z: 0}
--- !u!1 &1150797294
GameObject:
  m_ObjectHideFlags: 0
  m_CorrespondingSourceObject: {fileID: 0}
  m_PrefabInternal: {fileID: 0}
  serializedVersion: 6
  m_Component:
  - component: {fileID: 1150797297}
  - component: {fileID: 1150797298}
  - component: {fileID: 1150797295}
  - component: {fileID: 1150797302}
  - component: {fileID: 1150797299}
  - component: {fileID: 1150797301}
  - component: {fileID: 1150797296}
  - component: {fileID: 1150797300}
  m_Layer: 0
  m_Name: GameManager
  m_TagString: Untagged
  m_Icon: {fileID: 0}
  m_NavMeshLayer: 0
  m_StaticEditorFlags: 0
  m_IsActive: 1
--- !u!114 &1150797295
MonoBehaviour:
  m_ObjectHideFlags: 0
  m_CorrespondingSourceObject: {fileID: 0}
  m_PrefabInternal: {fileID: 0}
  m_GameObject: {fileID: 1150797294}
  m_Enabled: 1
  m_EditorHideFlags: 0
  m_Script: {fileID: 11500000, guid: b5c92e66db15249568826d53752baec5, type: 3}
  m_Name: 
  m_EditorClassIdentifier: 
  dialog: {fileID: 419982054}
  previousscene: Start
--- !u!114 &1150797296
MonoBehaviour:
  m_ObjectHideFlags: 0
  m_CorrespondingSourceObject: {fileID: 0}
  m_PrefabInternal: {fileID: 0}
  m_GameObject: {fileID: 1150797294}
  m_Enabled: 1
  m_EditorHideFlags: 0
  m_Script: {fileID: 11500000, guid: aba06616c49a14916927ace86b9e6a28, type: 3}
  m_Name: 
  m_EditorClassIdentifier: 
  bgManager: {fileID: 419982055}
  races:
  - {fileID: 11400000, guid: 031e1f46e387e4d00992c78618e6ffe9, type: 2}
  - {fileID: 11400000, guid: 5f280c9c1a9a048b8b71de6cc63026be, type: 2}
  - {fileID: 11400000, guid: 7f3a1775972724337a045529992da7b7, type: 2}
  - {fileID: 11400000, guid: 4648ac1a26d97483e8a0cfa7a4d58736, type: 2}
  - {fileID: 11400000, guid: 6dd1ceac4faa1411b8b3c7b30dddf7cf, type: 2}
  - {fileID: 11400000, guid: ebfc941b572874c1590ad671b4c9a36b, type: 2}
  - {fileID: 11400000, guid: 96b47e00cbe2d4f7495252c23ecb56f3, type: 2}
  - {fileID: 11400000, guid: 74077597c7cfd4d989301baeea43b30e, type: 2}
  sceneChanger: {fileID: 1150797295}
  stackManager: {fileID: 1150797298}
  dataManager: {fileID: 1150797299}
  soundManager: {fileID: 1150797301}
  musicManager: {fileID: 1514964102}
  runesPrefab: {fileID: 114443457115045792, guid: 030eeabd7c30e4f6abd0df1591b506be,
    type: 2}
  comboManager: {fileID: 1150797302}
  playMode: 0
  stackSize: 10
  historyCharacters:
  - {fileID: 11400000, guid: 58656edea19de4ab584218d454298141, type: 2}
  - {fileID: 11400000, guid: 8e73a5d9376694534948db0670b6cc41, type: 2}
  - {fileID: 11400000, guid: 44f27bf201ee6479ea598d19c796d47d, type: 2}
  - {fileID: 11400000, guid: c7ff2f26ac34d4e4fada9e329cadb20b, type: 2}
  - {fileID: 11400000, guid: 322070d10d4994ecda8f853f18241d6e, type: 2}
  - {fileID: 11400000, guid: 35933b1af46f442bcb511234c2117010, type: 2}
  - {fileID: 11400000, guid: 09c2ec1b71b5a4c7183931ffadfb4ba9, type: 2}
  - {fileID: 11400000, guid: e4c96a0a18f384c269eb968abde6890d, type: 2}
  - {fileID: 11400000, guid: 6c13ed33fcb4a4122a714bf3cb3d5676, type: 2}
  - {fileID: 11400000, guid: f181e429748784a6eb4cc965eac6a183, type: 2}
  - {fileID: 11400000, guid: 70e7183884c6c4e89964f8830e5c5199, type: 2}
  - {fileID: 11400000, guid: 32fa1b6130cd9443d830c6ca6d7663b6, type: 2}
  - {fileID: 11400000, guid: 951d0bcbaf65445e1893ac82b1912300, type: 2}
  - {fileID: 11400000, guid: 4e0bfdeefda4f4db2841da802d98dbd3, type: 2}
  - {fileID: 11400000, guid: 16b942b7a29fc4404a8d9c5664873efb, type: 2}
  - {fileID: 11400000, guid: af1dc704b4dbe49ffb5e540247196ce1, type: 2}
  - {fileID: 11400000, guid: 530c54ad4d57442faa90ee320f19212e, type: 2}
  - {fileID: 11400000, guid: 05812c32ad13543edb4ddc358f230ecd, type: 2}
  - {fileID: 11400000, guid: 4e3bd492d7c0c47b8beb1215761d0171, type: 2}
  - {fileID: 11400000, guid: 8d05f3a7dc32749e2bd5b5b35e833f75, type: 2}
  - {fileID: 11400000, guid: a07b71c45d28240dab21e812630ccb87, type: 2}
  - {fileID: 11400000, guid: dcce9acbaaafa468b97cffd8565e83d3, type: 2}
  - {fileID: 11400000, guid: 4fa82d0027c2f40f8b635a35ec984058, type: 2}
  - {fileID: 11400000, guid: 56c9f43732fd84148bf60b5378013ff5, type: 2}
  timer: {fileID: 419982052}
  players:
  - {fileID: 11400000, guid: 72c315649faf7403d883117ac9d9579b, type: 2}
  - {fileID: 11400000, guid: bddb58264ec9a46a8975eabe68d61a84, type: 2}
--- !u!4 &1150797297
Transform:
  m_ObjectHideFlags: 0
  m_CorrespondingSourceObject: {fileID: 0}
  m_PrefabInternal: {fileID: 0}
  m_GameObject: {fileID: 1150797294}
  m_LocalRotation: {x: 0, y: 0, z: 0, w: 1}
  m_LocalPosition: {x: -54.939808, y: 233.0923, z: -7.8979516}
  m_LocalScale: {x: 1, y: 1, z: 1}
  m_Children: []
  m_Father: {fileID: 0}
  m_RootOrder: 4
  m_LocalEulerAnglesHint: {x: 0, y: 0, z: 0}
--- !u!114 &1150797298
MonoBehaviour:
  m_ObjectHideFlags: 0
  m_CorrespondingSourceObject: {fileID: 0}
  m_PrefabInternal: {fileID: 0}
  m_GameObject: {fileID: 1150797294}
  m_Enabled: 1
  m_EditorHideFlags: 0
  m_Script: {fileID: 11500000, guid: 9e5473e50ff4e43388e02630a883e9c8, type: 3}
  m_Name: 
  m_EditorClassIdentifier: 
  runeStackBehaviour: {fileID: 419982059}
  runeBehaviour: {fileID: 419982058}
  spellStackBehaviour: {fileID: 419982057}
  runesInStack: []
  spellsInStack: []
  runeResult: {fileID: 419982056}
  isTraining: 0
--- !u!114 &1150797299
MonoBehaviour:
  m_ObjectHideFlags: 0
  m_CorrespondingSourceObject: {fileID: 0}
  m_PrefabInternal: {fileID: 0}
  m_GameObject: {fileID: 1150797294}
  m_Enabled: 1
  m_EditorHideFlags: 0
  m_Script: {fileID: 11500000, guid: 5a90b85f523f24602ae6955333736939, type: 3}
  m_Name: 
  m_EditorClassIdentifier: 
--- !u!82 &1150797300
AudioSource:
  m_ObjectHideFlags: 0
  m_CorrespondingSourceObject: {fileID: 0}
  m_PrefabInternal: {fileID: 0}
  m_GameObject: {fileID: 1150797294}
  m_Enabled: 1
  serializedVersion: 4
  OutputAudioMixerGroup: {fileID: 0}
  m_audioClip: {fileID: 0}
  m_PlayOnAwake: 0
  m_Volume: 1
  m_Pitch: 1
  Loop: 0
  Mute: 0
  Spatialize: 0
  SpatializePostEffects: 0
  Priority: 128
  DopplerLevel: 1
  MinDistance: 1
  MaxDistance: 500
  Pan2D: 0
  rolloffMode: 0
  BypassEffects: 0
  BypassListenerEffects: 0
  BypassReverbZones: 0
  rolloffCustomCurve:
    serializedVersion: 2
    m_Curve:
    - serializedVersion: 3
      time: 0
      value: 1
      inSlope: 0
      outSlope: 0
      tangentMode: 0
      weightedMode: 0
      inWeight: 0.33333334
      outWeight: 0.33333334
    - serializedVersion: 3
      time: 1
      value: 0
      inSlope: 0
      outSlope: 0
      tangentMode: 0
      weightedMode: 0
      inWeight: 0.33333334
      outWeight: 0.33333334
    m_PreInfinity: 2
    m_PostInfinity: 2
    m_RotationOrder: 4
  panLevelCustomCurve:
    serializedVersion: 2
    m_Curve:
    - serializedVersion: 3
      time: 0
      value: 0
      inSlope: 0
      outSlope: 0
      tangentMode: 0
      weightedMode: 0
      inWeight: 0.33333334
      outWeight: 0.33333334
    m_PreInfinity: 2
    m_PostInfinity: 2
    m_RotationOrder: 4
  spreadCustomCurve:
    serializedVersion: 2
    m_Curve:
    - serializedVersion: 3
      time: 0
      value: 0
      inSlope: 0
      outSlope: 0
      tangentMode: 0
      weightedMode: 0
      inWeight: 0.33333334
      outWeight: 0.33333334
    m_PreInfinity: 2
    m_PostInfinity: 2
    m_RotationOrder: 4
  reverbZoneMixCustomCurve:
    serializedVersion: 2
    m_Curve:
    - serializedVersion: 3
      time: 0
      value: 1
      inSlope: 0
      outSlope: 0
      tangentMode: 0
      weightedMode: 0
      inWeight: 0.33333334
      outWeight: 0.33333334
    m_PreInfinity: 2
    m_PostInfinity: 2
    m_RotationOrder: 4
--- !u!114 &1150797301
MonoBehaviour:
  m_ObjectHideFlags: 0
  m_CorrespondingSourceObject: {fileID: 0}
  m_PrefabInternal: {fileID: 0}
  m_GameObject: {fileID: 1150797294}
  m_Enabled: 1
  m_EditorHideFlags: 0
  m_Script: {fileID: 11500000, guid: b83160b1a1c3c49448dd53cb48f300f1, type: 3}
  m_Name: 
  m_EditorClassIdentifier: 
  soundData: {fileID: 11400000, guid: 06b1c744a06f74c6fad888c6dd53a0d3, type: 2}
  soundBattleData: {fileID: 11400000, guid: 26371611a96434618ad2ffeb23e09977, type: 2}
--- !u!114 &1150797302
MonoBehaviour:
  m_ObjectHideFlags: 0
  m_CorrespondingSourceObject: {fileID: 0}
  m_PrefabInternal: {fileID: 0}
  m_GameObject: {fileID: 1150797294}
  m_Enabled: 1
  m_EditorHideFlags: 0
  m_Script: {fileID: 11500000, guid: e608823eb54f84f9c86c7ac0e8178a2e, type: 3}
  m_Name: 
  m_EditorClassIdentifier: 
  messageText: {fileID: 419982053}
--- !u!1001 &1514964101
Prefab:
  m_ObjectHideFlags: 0
  serializedVersion: 2
  m_Modification:
    m_TransformParent: {fileID: 0}
    m_Modifications:
    - target: {fileID: 4640231309494878, guid: 531539520004447e19145c5bba3dc495, type: 2}
      propertyPath: m_LocalPosition.x
      value: -222.95532
      objectReference: {fileID: 0}
    - target: {fileID: 4640231309494878, guid: 531539520004447e19145c5bba3dc495, type: 2}
      propertyPath: m_LocalPosition.y
      value: 368.62567
      objectReference: {fileID: 0}
    - target: {fileID: 4640231309494878, guid: 531539520004447e19145c5bba3dc495, type: 2}
      propertyPath: m_LocalPosition.z
      value: -4.886355
      objectReference: {fileID: 0}
    - target: {fileID: 4640231309494878, guid: 531539520004447e19145c5bba3dc495, type: 2}
      propertyPath: m_LocalRotation.x
      value: 0
      objectReference: {fileID: 0}
    - target: {fileID: 4640231309494878, guid: 531539520004447e19145c5bba3dc495, type: 2}
      propertyPath: m_LocalRotation.y
      value: 0
      objectReference: {fileID: 0}
    - target: {fileID: 4640231309494878, guid: 531539520004447e19145c5bba3dc495, type: 2}
      propertyPath: m_LocalRotation.z
      value: 0
      objectReference: {fileID: 0}
    - target: {fileID: 4640231309494878, guid: 531539520004447e19145c5bba3dc495, type: 2}
      propertyPath: m_LocalRotation.w
      value: 1
      objectReference: {fileID: 0}
    - target: {fileID: 4640231309494878, guid: 531539520004447e19145c5bba3dc495, type: 2}
      propertyPath: m_RootOrder
      value: 5
      objectReference: {fileID: 0}
    m_RemovedComponents: []
  m_SourcePrefab: {fileID: 100100000, guid: 531539520004447e19145c5bba3dc495, type: 2}
  m_IsPrefabAsset: 0
--- !u!114 &1514964102 stripped
MonoBehaviour:
  m_CorrespondingSourceObject: {fileID: 114556252126138896, guid: 531539520004447e19145c5bba3dc495,
    type: 2}
  m_PrefabInternal: {fileID: 1514964101}
  m_Script: {fileID: 11500000, guid: 18eee611d5a774eb3996194a0ae293e8, type: 3}
